@book{Ben62,
title = "L'Oxydation des métaux",
author = "J. Bénard and J. Bardolle and F. Bouillon and M. Cagnet
and J. Moreau and G. Valensi",
publisher = "Gauthier-Villars",
year = "1962"
}
